<?xml version="1.0" encoding="UTF-8"?><collection xmlns="http://www.loc.gov/MARC21/slim"><record><leader>00564nam--2200205-u-4500</leader><controlfield tag="001">000050530</controlfield><controlfield tag="002">20161230</controlfield><controlfield tag="003">1290</controlfield><controlfield tag="005">20161230201048</controlfield><controlfield tag="008">070910s1000------------r-----000-0-eng-d</controlfield><datafield ind1=" " ind2=" " tag="040"><subfield code="a">IFIN-HH</subfield></datafield><datafield ind1=" " ind2=" " tag="041"><subfield code="a">rus</subfield></datafield><datafield ind1="1" ind2=" " tag="100"><subfield code="a">Hinchin,A.Ya</subfield></datafield><datafield ind1="1" ind2="0" tag="245"><subfield code="a">Matematicheskie Metody Teorii Massovogo Obsluzhivaniya</subfield></datafield><datafield ind1=" " ind2=" " tag="260"><subfield code="a">Moskva</subfield><subfield code="b">Izdatekstvo Akademii Nauk SSSR</subfield><subfield code="c">1955</subfield></datafield><datafield ind1=" " ind2=" " tag="300"><subfield code="a">122 p</subfield></datafield><datafield ind1=" " ind2=" " tag="490"><subfield code="a">Trudy Matematicheskogo Instituta Imeni V.A.Steklova</subfield><subfield code="v">Vol.XLIX</subfield></datafield><datafield ind1=" " ind2="4" tag="650"><subfield code="a">Sistemy s Poteryami</subfield></datafield><datafield ind1=" " ind2=" " tag="852"><subfield code="c">51</subfield></datafield><datafield ind1=" " ind2=" " tag="CAT"><subfield code="a">Sys</subfield><subfield code="c">20070910</subfield><subfield code="h">131922</subfield></datafield></record></collection>